@incollection{acuna2004treatment,
	title     = {The treatment of missing values and its effect on classifier accuracy},
	author    = {Acuna, Edgar and Rodriguez, Caroline},
	booktitle = {Classification, clustering, and data mining applications},
	pages     = {639--647},
	year      = {2004},
	publisher = {Springer}
}
