@article{boller1998history,
  title     = {History of dementia and dementia in history: an overview},
  author    = {Boller, Fran{\c{c}}ois and Forbes, Margaret M},
  journal   = {Journal of the neurological sciences},
  volume    = {158},
  number    = {2},
  pages     = {125--133},
  year      = {1998},
  publisher = {Elsevier}
}
@article{cipriani2011alzheimer,
  title     = {Alzheimer and his disease: a brief history},
  author    = {Cipriani, Gabriele and Dolciotti, Cristina and Picchi, Lucia and Bonuccelli, Ubaldo},
  journal   = {Neurological Sciences},
  volume    = {32},
  pages     = {275--279},
  year      = {2011},
  publisher = {Springer}
}
@article{alzheimer1906uber,
  title   = {Uber einen eigenartigen schweren Er Krankungsprozeb der Hirnrinde},
  author  = {Alzheimer, A},
  journal = {Neurologisches Centralblatt},
  volume  = {23},
  pages   = {1129--1136},
  year    = {1906}
}
@incollection{kraepelin1910psychiatrie,
  title     = {Psychiatrie: ein lehrbuch f{\"u}r studirende und alrzte. Klinische psychiatrie},
  author    = {Kraepelin, Emil},
  booktitle = {Psychiatrie: ein lehrbuch f{\"u}r studirende und alrzte. Klinische psychiatrie},
  pages     = {607--607},
  year      = {1910}
}
@article{jellinger2006alzheimer,
  title     = {Alzheimer 100--highlights in the history of Alzheimer research},
  author    = {Jellinger, Kurt A},
  journal   = {Journal of neural transmission},
  volume    = {113},
  pages     = {1603--1623},
  year      = {2006},
  publisher = {Springer}
}
@article{kidd1963paired,
  title     = {Paired helical filaments in electron microscopy of Alzheimer's disease},
  author    = {Kidd, Michael},
  journal   = {Nature},
  volume    = {197},
  number    = {4863},
  pages     = {192--193},
  year      = {1963},
  publisher = {Nature Publishing Group UK London}
}
@article{marx1974aging,
  title     = {Aging Institute: Current Status},
  author    = {Marx, Jean L},
  journal   = {Science},
  volume    = {186},
  number    = {4169},
  pages     = {1106--1106},
  year      = {1974},
  publisher = {American Association for the Advancement of Science}
}
@misc{alzheimers:2023,
  title        = {What is Alzheimer’s Disease? | Alzheimer’s and Dementia | Alzheimer's Association},
  author       = {Alzheimer’s Association},
  howpublished = {\url{https://www.alz.org/alzheimers-dementia/what-is-alzheimers}},
  year         = {2023},
  note         = {Dostęp: 18 stycznia 2023}
}
@article{khachaturian2006diagnosis,
  title     = {Diagnosis of Alzheimer's disease: two-decades of progress},
  author    = {Khachaturian, Zaven S},
  journal   = {Journal of Alzheimer's disease},
  volume    = {9},
  number    = {s3},
  pages     = {409--415},
  year      = {2006},
  publisher = {IOS Press}
}
@article{arevalo2015mini,
  title     = {Mini-Mental State Examination (MMSE) for the detection of Alzheimer's disease and other dementias in people with mild cognitive impairment (MCI)},
  author    = {Arevalo-Rodriguez, Ingrid and Smailagic, Nadja and i Figuls, Marta Roqu{\'e} and Ciapponi, Agust{\'\i}n and Sanchez-Perez, Erick and Giannakou, Antri and Pedraza, Olga L and Cosp, Xavier Bonfill and Cullum, Sarah},
  journal   = {Cochrane Database of Systematic Reviews},
  number    = {3},
  year      = {2015},
  publisher = {John Wiley \& Sons, Ltd}
}
@article{katzman1983validation,
  title={Validation of a short Orientation-Memory-Concentration Test of cognitive impairment.},
  author={Katzman, Robert and Brown, Theodore and Fuld, Paula and Peck, Arthur and Schechter, Ruben and Schimmel, Herbert},
  journal={The American journal of psychiatry},
  volume={140},
  number={6},
  pages={734--739},
  year={1983}
}
